<record><leader>00000nas a2200000 i 4500</leader><controlfield tag="001">907774355</controlfield><controlfield tag="006">m     o  d        </controlfield><controlfield tag="007">cr |||||||||||</controlfield><controlfield tag="008">150422d18941929mouwr neo     0   a0eng  </controlfield><datafield ind1=" " ind2=" " tag="010"><subfield code="a">  2015218687</subfield></datafield><datafield ind1=" " ind2=" " tag="040"><subfield code="a">DLC</subfield><subfield code="b">eng</subfield><subfield code="e">rda</subfield><subfield code="c">DLC</subfield></datafield><datafield ind1="0" ind2=" " tag="022"><subfield code="a">2378-6795</subfield><subfield code="2">1</subfield></datafield><datafield ind1=" " ind2=" " tag="042"><subfield code="a">pcc</subfield><subfield code="a">nsdp</subfield></datafield><datafield ind1=" " ind2=" " tag="043"><subfield code="a">n-us-mo</subfield></datafield><datafield ind1="1" ind2="0" tag="050"><subfield code="a">ISSN RECORD</subfield></datafield><datafield ind1="0" ind2="0" tag="082"><subfield code="a">071</subfield><subfield code="2">23</subfield></datafield><datafield ind1=" " ind2="0" tag="222"><subfield code="a">Potosi journal</subfield><subfield code="b">(Online)</subfield></datafield><datafield ind1="0" ind2="0" tag="245"><subfield code="a">Potosi journal.</subfield></datafield><datafield ind1=" " ind2="1" tag="264"><subfield code="a">Potosi, Mo. :</subfield><subfield code="b">F. M. Deggendorf,</subfield><subfield code="c">1894-</subfield></datafield><datafield ind1=" " ind2=" " tag="300"><subfield code="a">1 online resource</subfield></datafield><datafield ind1=" " ind2=" " tag="310"><subfield code="a">Weekly</subfield></datafield><datafield ind1=" " ind2=" " tag="336"><subfield code="a">text</subfield><subfield code="b">txt</subfield><subfield code="2">rdacontent</subfield></datafield><datafield ind1=" " ind2=" " tag="337"><subfield code="a">computer</subfield><subfield code="b">c</subfield><subfield code="2">rdamedia</subfield></datafield><datafield ind1=" " ind2=" " tag="338"><subfield code="a">online resource</subfield><subfield code="b">cr</subfield><subfield code="2">rdacarrier</subfield></datafield><datafield ind1="1" ind2=" " tag="362"><subfield code="a">Began with volume 1, number 1 (August 22, 1894). Ceased in 1929?</subfield></datafield><datafield ind1=" " ind2=" " tag="588"><subfield code="a">Descroption based on: Volume 1, number 1 (August 22, 1894); title from masthead (Chroniclingamerica.loc.gov, viewed April 22, 2015).</subfield></datafield><datafield ind1=" " ind2=" " tag="588"><subfield code="a">Latest issue consulted: Volume 29, no. 19 (December 27, 1922) (Chroniclingamerica.loc.gov, viewed April 22, 2015).</subfield></datafield><datafield ind1=" " ind2="0" tag="651"><subfield code="a">Potosi (Mo.)</subfield><subfield code="v">Newspapers.</subfield></datafield><datafield ind1=" " ind2=" " tag="752"><subfield code="a">United States</subfield><subfield code="b">Missouri</subfield><subfield code="c">Washington</subfield><subfield code="d">Potosi.</subfield></datafield><datafield ind1="0" ind2="8" tag="776"><subfield code="i">Originally issued in print:</subfield><subfield code="t">Potosi journal</subfield><subfield code="x">2378-6787</subfield><subfield code="w">(DLC)sn 90061371</subfield><subfield code="w">(OCoLC)21389901</subfield></datafield><datafield ind1="0" ind2="7" tag="785"><subfield code="t">Weekly independent (Potosi, Mo. : 1873)</subfield></datafield><datafield ind1="0" ind2="7" tag="785"><subfield code="t">Weekly independent and Potosi journal</subfield></datafield><datafield ind1="4" ind2="0" tag="856"><subfield code="u">http://www.loc.gov/chroniclingamerica/lccn/sn90061371/issues</subfield></datafield></record>